% Referência para o pacote DistributionTest
@article{DistributionTest,
  title={Package ‘DistributionTest’},
  author={Cui, Ning and Zhou, Maoyuan and Cui, Maintainer Ning},
  year={2020}
}

@article{cardoso2010multivariate,
  title={Multivariate extension of chi-squared univariate normality test},
  author={Cardoso de Oliveira, IR and Ferreira, DF},
  journal={Journal of Statistical Computation and Simulation},
  volume={80},
  number={5},
  pages={513--526},
  year={2010},
  publisher={Taylor \& Francis}
}